%YAML 1.1
%TAG !u! tag:unity3d.com,2011:
--- !u!1 &1885631132336672443
GameObject:
  m_ObjectHideFlags: 0
  m_CorrespondingSourceObject: {fileID: 0}
  m_PrefabInstance: {fileID: 0}
  m_PrefabAsset: {fileID: 0}
  serializedVersion: 6
  m_Component:
  - component: {fileID: 3144504805435803870}
  - component: {fileID: 1168488542417250056}
  - component: {fileID: 5944130308026271286}
  - component: {fileID: 9054563870164769625}
  m_Layer: 10
  m_Name: WaterCluster 3
  m_TagString: Untagged
  m_Icon: {fileID: 0}
  m_NavMeshLayer: 0
  m_StaticEditorFlags: 0
  m_IsActive: 1
--- !u!4 &3144504805435803870
Transform:
  m_ObjectHideFlags: 0
  m_CorrespondingSourceObject: {fileID: 0}
  m_PrefabInstance: {fileID: 0}
  m_PrefabAsset: {fileID: 0}
  m_GameObject: {fileID: 1885631132336672443}
  m_LocalRotation: {x: 0, y: 0, z: 0, w: 1}
  m_LocalPosition: {x: 0, y: 0, z: 0}
  m_LocalScale: {x: 1, y: 1, z: 1}
  m_ConstrainProportionsScale: 0
  m_Children:
  - {fileID: 4205726680932566708}
  - {fileID: 4478420762048085323}
  - {fileID: 344133584981360148}
  - {fileID: 7709208513735129182}
  - {fileID: 5510987753344857156}
  - {fileID: 7546721857090811964}
  - {fileID: 8120536219846415912}
  - {fileID: 3971425815443982471}
  - {fileID: 5252597428386666869}
  - {fileID: 5474916868374588854}
  - {fileID: 7750452433980753970}
  m_Father: {fileID: 0}
  m_RootOrder: 0
  m_LocalEulerAnglesHint: {x: 0, y: 0, z: 0}
--- !u!61 &1168488542417250056
BoxCollider2D:
  m_ObjectHideFlags: 0
  m_CorrespondingSourceObject: {fileID: 0}
  m_PrefabInstance: {fileID: 0}
  m_PrefabAsset: {fileID: 0}
  m_GameObject: {fileID: 1885631132336672443}
  m_Enabled: 1
  m_Density: 1
  m_Material: {fileID: 0}
  m_IsTrigger: 1
  m_UsedByEffector: 0
  m_UsedByComposite: 0
  m_Offset: {x: 0, y: 0}
  m_SpriteTilingProperty:
    border: {x: 0, y: 0, z: 0, w: 0}
    pivot: {x: 0, y: 0}
    oldSize: {x: 0, y: 0}
    newSize: {x: 0, y: 0}
    adaptiveTilingThreshold: 0
    drawMode: 0
    adaptiveTiling: 0
  m_AutoTiling: 0
  serializedVersion: 2
  m_Size: {x: 20, y: 15}
  m_EdgeRadius: 0
--- !u!50 &5944130308026271286
Rigidbody2D:
  serializedVersion: 4
  m_ObjectHideFlags: 0
  m_CorrespondingSourceObject: {fileID: 0}
  m_PrefabInstance: {fileID: 0}
  m_PrefabAsset: {fileID: 0}
  m_GameObject: {fileID: 1885631132336672443}
  m_BodyType: 2
  m_Simulated: 1
  m_UseFullKinematicContacts: 0
  m_UseAutoMass: 0
  m_Mass: 1
  m_LinearDrag: 0
  m_AngularDrag: 0.05
  m_GravityScale: 1
  m_Material: {fileID: 0}
  m_Interpolate: 0
  m_SleepingMode: 1
  m_CollisionDetection: 0
  m_Constraints: 0
--- !u!114 &9054563870164769625
MonoBehaviour:
  m_ObjectHideFlags: 0
  m_CorrespondingSourceObject: {fileID: 0}
  m_PrefabInstance: {fileID: 0}
  m_PrefabAsset: {fileID: 0}
  m_GameObject: {fileID: 1885631132336672443}
  m_Enabled: 1
  m_EditorHideFlags: 0
  m_Script: {fileID: 11500000, guid: d9ee77bb60783684dbba26df0e3a58e1, type: 3}
  m_Name: 
  m_EditorClassIdentifier: 
--- !u!1 &3911521320481210914
GameObject:
  m_ObjectHideFlags: 0
  m_CorrespondingSourceObject: {fileID: 0}
  m_PrefabInstance: {fileID: 0}
  m_PrefabAsset: {fileID: 0}
  serializedVersion: 6
  m_Component:
  - component: {fileID: 7750452433980753970}
  - component: {fileID: 888836968066602794}
  m_Layer: 10
  m_Name: Water Cluster Indicator
  m_TagString: Untagged
  m_Icon: {fileID: 0}
  m_NavMeshLayer: 0
  m_StaticEditorFlags: 0
  m_IsActive: 1
--- !u!4 &7750452433980753970
Transform:
  m_ObjectHideFlags: 0
  m_CorrespondingSourceObject: {fileID: 0}
  m_PrefabInstance: {fileID: 0}
  m_PrefabAsset: {fileID: 0}
  m_GameObject: {fileID: 3911521320481210914}
  m_LocalRotation: {x: 0, y: 0, z: 0, w: 1}
  m_LocalPosition: {x: 0, y: 0, z: 0}
  m_LocalScale: {x: 5, y: 5, z: 5}
  m_ConstrainProportionsScale: 0
  m_Children: []
  m_Father: {fileID: 3144504805435803870}
  m_RootOrder: 10
  m_LocalEulerAnglesHint: {x: 0, y: 0, z: 0}
--- !u!212 &888836968066602794
SpriteRenderer:
  m_ObjectHideFlags: 0
  m_CorrespondingSourceObject: {fileID: 0}
  m_PrefabInstance: {fileID: 0}
  m_PrefabAsset: {fileID: 0}
  m_GameObject: {fileID: 3911521320481210914}
  m_Enabled: 1
  m_CastShadows: 0
  m_ReceiveShadows: 0
  m_DynamicOccludee: 1
  m_StaticShadowCaster: 0
  m_MotionVectors: 1
  m_LightProbeUsage: 1
  m_ReflectionProbeUsage: 1
  m_RayTracingMode: 0
  m_RayTraceProcedural: 0
  m_RenderingLayerMask: 1
  m_RendererPriority: 0
  m_Materials:
  - {fileID: 10754, guid: 0000000000000000f000000000000000, type: 0}
  m_StaticBatchInfo:
    firstSubMesh: 0
    subMeshCount: 0
  m_StaticBatchRoot: {fileID: 0}
  m_ProbeAnchor: {fileID: 0}
  m_LightProbeVolumeOverride: {fileID: 0}
  m_ScaleInLightmap: 1
  m_ReceiveGI: 1
  m_PreserveUVs: 0
  m_IgnoreNormalsForChartDetection: 0
  m_ImportantGI: 0
  m_StitchLightmapSeams: 1
  m_SelectedEditorRenderState: 0
  m_MinimumChartSize: 4
  m_AutoUVMaxDistance: 0.5
  m_AutoUVMaxAngle: 89
  m_LightmapParameters: {fileID: 0}
  m_SortingLayerID: 0
  m_SortingLayer: 0
  m_SortingOrder: 0
  m_Sprite: {fileID: -2413806693520163455, guid: a86470a33a6bf42c4b3595704624658b, type: 3}
  m_Color: {r: 0, g: 0.15667725, b: 1, a: 1}
  m_FlipX: 0
  m_FlipY: 0
  m_DrawMode: 0
  m_Size: {x: 1, y: 1}
  m_AdaptiveModeThreshold: 0.5
  m_SpriteTileMode: 0
  m_WasSpriteAssigned: 1
  m_MaskInteraction: 0
  m_SpriteSortPoint: 0
--- !u!1001 &1825197765692230199
PrefabInstance:
  m_ObjectHideFlags: 0
  serializedVersion: 2
  m_Modification:
    m_TransformParent: {fileID: 3144504805435803870}
    m_Modifications:
    - target: {fileID: 2131042781843715104, guid: 87355bd664601fb4ebd7dce82c271952, type: 3}
      propertyPath: m_Name
      value: Water 2 (1)
      objectReference: {fileID: 0}
    - target: {fileID: 2131042781843715104, guid: 87355bd664601fb4ebd7dce82c271952, type: 3}
      propertyPath: m_IsActive
      value: 0
      objectReference: {fileID: 0}
    - target: {fileID: 2131042781843715107, guid: 87355bd664601fb4ebd7dce82c271952, type: 3}
      propertyPath: m_RootOrder
      value: 2
      objectReference: {fileID: 0}
    - target: {fileID: 2131042781843715107, guid: 87355bd664601fb4ebd7dce82c271952, type: 3}
      propertyPath: m_LocalPosition.x
      value: 5.9183674
      objectReference: {fileID: 0}
    - target: {fileID: 2131042781843715107, guid: 87355bd664601fb4ebd7dce82c271952, type: 3}
      propertyPath: m_LocalPosition.y
      value: -1.1224489
      objectReference: {fileID: 0}
    - target: {fileID: 2131042781843715107, guid: 87355bd664601fb4ebd7dce82c271952, type: 3}
      propertyPath: m_LocalPosition.z
      value: 0
      objectReference: {fileID: 0}
    - target: {fileID: 2131042781843715107, guid: 87355bd664601fb4ebd7dce82c271952, type: 3}
      propertyPath: m_LocalRotation.w
      value: 1
      objectReference: {fileID: 0}
    - target: {fileID: 2131042781843715107, guid: 87355bd664601fb4ebd7dce82c271952, type: 3}
      propertyPath: m_LocalRotation.x
      value: -0
      objectReference: {fileID: 0}
    - target: {fileID: 2131042781843715107, guid: 87355bd664601fb4ebd7dce82c271952, type: 3}
      propertyPath: m_LocalRotation.y
      value: -0
      objectReference: {fileID: 0}
    - target: {fileID: 2131042781843715107, guid: 87355bd664601fb4ebd7dce82c271952, type: 3}
      propertyPath: m_LocalRotation.z
      value: -0
      objectReference: {fileID: 0}
    - target: {fileID: 2131042781843715107, guid: 87355bd664601fb4ebd7dce82c271952, type: 3}
      propertyPath: m_LocalEulerAnglesHint.x
      value: 0
      objectReference: {fileID: 0}
    - target: {fileID: 2131042781843715107, guid: 87355bd664601fb4ebd7dce82c271952, type: 3}
      propertyPath: m_LocalEulerAnglesHint.y
      value: 0
      objectReference: {fileID: 0}
    - target: {fileID: 2131042781843715107, guid: 87355bd664601fb4ebd7dce82c271952, type: 3}
      propertyPath: m_LocalEulerAnglesHint.z
      value: 0
      objectReference: {fileID: 0}
    m_RemovedComponents: []
  m_SourcePrefab: {fileID: 100100000, guid: 87355bd664601fb4ebd7dce82c271952, type: 3}
--- !u!4 &344133584981360148 stripped
Transform:
  m_CorrespondingSourceObject: {fileID: 2131042781843715107, guid: 87355bd664601fb4ebd7dce82c271952, type: 3}
  m_PrefabInstance: {fileID: 1825197765692230199}
  m_PrefabAsset: {fileID: 0}
--- !u!1001 &2572813134450936168
PrefabInstance:
  m_ObjectHideFlags: 0
  serializedVersion: 2
  m_Modification:
    m_TransformParent: {fileID: 3144504805435803870}
    m_Modifications:
    - target: {fileID: 2131042781843715104, guid: 87355bd664601fb4ebd7dce82c271952, type: 3}
      propertyPath: m_Name
      value: Water 2
      objectReference: {fileID: 0}
    - target: {fileID: 2131042781843715104, guid: 87355bd664601fb4ebd7dce82c271952, type: 3}
      propertyPath: m_IsActive
      value: 0
      objectReference: {fileID: 0}
    - target: {fileID: 2131042781843715107, guid: 87355bd664601fb4ebd7dce82c271952, type: 3}
      propertyPath: m_RootOrder
      value: 1
      objectReference: {fileID: 0}
    - target: {fileID: 2131042781843715107, guid: 87355bd664601fb4ebd7dce82c271952, type: 3}
      propertyPath: m_LocalPosition.x
      value: -1.5816327
      objectReference: {fileID: 0}
    - target: {fileID: 2131042781843715107, guid: 87355bd664601fb4ebd7dce82c271952, type: 3}
      propertyPath: m_LocalPosition.y
      value: 0.6632653
      objectReference: {fileID: 0}
    - target: {fileID: 2131042781843715107, guid: 87355bd664601fb4ebd7dce82c271952, type: 3}
      propertyPath: m_LocalPosition.z
      value: 0
      objectReference: {fileID: 0}
    - target: {fileID: 2131042781843715107, guid: 87355bd664601fb4ebd7dce82c271952, type: 3}
      propertyPath: m_LocalRotation.w
      value: 1
      objectReference: {fileID: 0}
    - target: {fileID: 2131042781843715107, guid: 87355bd664601fb4ebd7dce82c271952, type: 3}
      propertyPath: m_LocalRotation.x
      value: -0
      objectReference: {fileID: 0}
    - target: {fileID: 2131042781843715107, guid: 87355bd664601fb4ebd7dce82c271952, type: 3}
      propertyPath: m_LocalRotation.y
      value: -0
      objectReference: {fileID: 0}
    - target: {fileID: 2131042781843715107, guid: 87355bd664601fb4ebd7dce82c271952, type: 3}
      propertyPath: m_LocalRotation.z
      value: -0
      objectReference: {fileID: 0}
    - target: {fileID: 2131042781843715107, guid: 87355bd664601fb4ebd7dce82c271952, type: 3}
      propertyPath: m_LocalEulerAnglesHint.x
      value: 0
      objectReference: {fileID: 0}
    - target: {fileID: 2131042781843715107, guid: 87355bd664601fb4ebd7dce82c271952, type: 3}
      propertyPath: m_LocalEulerAnglesHint.y
      value: 0
      objectReference: {fileID: 0}
    - target: {fileID: 2131042781843715107, guid: 87355bd664601fb4ebd7dce82c271952, type: 3}
      propertyPath: m_LocalEulerAnglesHint.z
      value: 0
      objectReference: {fileID: 0}
    m_RemovedComponents: []
  m_SourcePrefab: {fileID: 100100000, guid: 87355bd664601fb4ebd7dce82c271952, type: 3}
--- !u!4 &4478420762048085323 stripped
Transform:
  m_CorrespondingSourceObject: {fileID: 2131042781843715107, guid: 87355bd664601fb4ebd7dce82c271952, type: 3}
  m_PrefabInstance: {fileID: 2572813134450936168}
  m_PrefabAsset: {fileID: 0}
--- !u!1001 &2868584316003824279
PrefabInstance:
  m_ObjectHideFlags: 0
  serializedVersion: 2
  m_Modification:
    m_TransformParent: {fileID: 3144504805435803870}
    m_Modifications:
    - target: {fileID: 2131042781843715104, guid: 2d09ff178ce79cc42bf5f7813abbced3, type: 3}
      propertyPath: m_Name
      value: Water 1
      objectReference: {fileID: 0}
    - target: {fileID: 2131042781843715104, guid: 2d09ff178ce79cc42bf5f7813abbced3, type: 3}
      propertyPath: m_IsActive
      value: 0
      objectReference: {fileID: 0}
    - target: {fileID: 2131042781843715107, guid: 2d09ff178ce79cc42bf5f7813abbced3, type: 3}
      propertyPath: m_RootOrder
      value: 0
      objectReference: {fileID: 0}
    - target: {fileID: 2131042781843715107, guid: 2d09ff178ce79cc42bf5f7813abbced3, type: 3}
      propertyPath: m_LocalPosition.x
      value: 5.357143
      objectReference: {fileID: 0}
    - target: {fileID: 2131042781843715107, guid: 2d09ff178ce79cc42bf5f7813abbced3, type: 3}
      propertyPath: m_LocalPosition.y
      value: -3.877551
      objectReference: {fileID: 0}
    - target: {fileID: 2131042781843715107, guid: 2d09ff178ce79cc42bf5f7813abbced3, type: 3}
      propertyPath: m_LocalPosition.z
      value: 0
      objectReference: {fileID: 0}
    - target: {fileID: 2131042781843715107, guid: 2d09ff178ce79cc42bf5f7813abbced3, type: 3}
      propertyPath: m_LocalRotation.w
      value: 1
      objectReference: {fileID: 0}
    - target: {fileID: 2131042781843715107, guid: 2d09ff178ce79cc42bf5f7813abbced3, type: 3}
      propertyPath: m_LocalRotation.x
      value: -0
      objectReference: {fileID: 0}
    - target: {fileID: 2131042781843715107, guid: 2d09ff178ce79cc42bf5f7813abbced3, type: 3}
      propertyPath: m_LocalRotation.y
      value: -0
      objectReference: {fileID: 0}
    - target: {fileID: 2131042781843715107, guid: 2d09ff178ce79cc42bf5f7813abbced3, type: 3}
      propertyPath: m_LocalRotation.z
      value: -0
      objectReference: {fileID: 0}
    - target: {fileID: 2131042781843715107, guid: 2d09ff178ce79cc42bf5f7813abbced3, type: 3}
      propertyPath: m_LocalEulerAnglesHint.x
      value: 0
      objectReference: {fileID: 0}
    - target: {fileID: 2131042781843715107, guid: 2d09ff178ce79cc42bf5f7813abbced3, type: 3}
      propertyPath: m_LocalEulerAnglesHint.y
      value: 0
      objectReference: {fileID: 0}
    - target: {fileID: 2131042781843715107, guid: 2d09ff178ce79cc42bf5f7813abbced3, type: 3}
      propertyPath: m_LocalEulerAnglesHint.z
      value: 0
      objectReference: {fileID: 0}
    m_RemovedComponents: []
  m_SourcePrefab: {fileID: 100100000, guid: 2d09ff178ce79cc42bf5f7813abbced3, type: 3}
--- !u!4 &4205726680932566708 stripped
Transform:
  m_CorrespondingSourceObject: {fileID: 2131042781843715107, guid: 2d09ff178ce79cc42bf5f7813abbced3, type: 3}
  m_PrefabInstance: {fileID: 2868584316003824279}
  m_PrefabAsset: {fileID: 0}
--- !u!1001 &3066857485528644772
PrefabInstance:
  m_ObjectHideFlags: 0
  serializedVersion: 2
  m_Modification:
    m_TransformParent: {fileID: 3144504805435803870}
    m_Modifications:
    - target: {fileID: 2131042781843715104, guid: 22358251d4d52a74da4793d00c8ef8cd, type: 3}
      propertyPath: m_Name
      value: Water 6
      objectReference: {fileID: 0}
    - target: {fileID: 2131042781843715104, guid: 22358251d4d52a74da4793d00c8ef8cd, type: 3}
      propertyPath: m_IsActive
      value: 0
      objectReference: {fileID: 0}
    - target: {fileID: 2131042781843715107, guid: 22358251d4d52a74da4793d00c8ef8cd, type: 3}
      propertyPath: m_RootOrder
      value: 7
      objectReference: {fileID: 0}
    - target: {fileID: 2131042781843715107, guid: 22358251d4d52a74da4793d00c8ef8cd, type: 3}
      propertyPath: m_LocalPosition.x
      value: -5.102041
      objectReference: {fileID: 0}
    - target: {fileID: 2131042781843715107, guid: 22358251d4d52a74da4793d00c8ef8cd, type: 3}
      propertyPath: m_LocalPosition.y
      value: 4.336735
      objectReference: {fileID: 0}
    - target: {fileID: 2131042781843715107, guid: 22358251d4d52a74da4793d00c8ef8cd, type: 3}
      propertyPath: m_LocalPosition.z
      value: 0
      objectReference: {fileID: 0}
    - target: {fileID: 2131042781843715107, guid: 22358251d4d52a74da4793d00c8ef8cd, type: 3}
      propertyPath: m_LocalRotation.w
      value: 1
      objectReference: {fileID: 0}
    - target: {fileID: 2131042781843715107, guid: 22358251d4d52a74da4793d00c8ef8cd, type: 3}
      propertyPath: m_LocalRotation.x
      value: -0
      objectReference: {fileID: 0}
    - target: {fileID: 2131042781843715107, guid: 22358251d4d52a74da4793d00c8ef8cd, type: 3}
      propertyPath: m_LocalRotation.y
      value: -0
      objectReference: {fileID: 0}
    - target: {fileID: 2131042781843715107, guid: 22358251d4d52a74da4793d00c8ef8cd, type: 3}
      propertyPath: m_LocalRotation.z
      value: -0
      objectReference: {fileID: 0}
    - target: {fileID: 2131042781843715107, guid: 22358251d4d52a74da4793d00c8ef8cd, type: 3}
      propertyPath: m_LocalEulerAnglesHint.x
      value: 0
      objectReference: {fileID: 0}
    - target: {fileID: 2131042781843715107, guid: 22358251d4d52a74da4793d00c8ef8cd, type: 3}
      propertyPath: m_LocalEulerAnglesHint.y
      value: 0
      objectReference: {fileID: 0}
    - target: {fileID: 2131042781843715107, guid: 22358251d4d52a74da4793d00c8ef8cd, type: 3}
      propertyPath: m_LocalEulerAnglesHint.z
      value: 0
      objectReference: {fileID: 0}
    m_RemovedComponents: []
  m_SourcePrefab: {fileID: 100100000, guid: 22358251d4d52a74da4793d00c8ef8cd, type: 3}
--- !u!4 &3971425815443982471 stripped
Transform:
  m_CorrespondingSourceObject: {fileID: 2131042781843715107, guid: 22358251d4d52a74da4793d00c8ef8cd, type: 3}
  m_PrefabInstance: {fileID: 3066857485528644772}
  m_PrefabAsset: {fileID: 0}
--- !u!1001 &5901978544272146535
PrefabInstance:
  m_ObjectHideFlags: 0
  serializedVersion: 2
  m_Modification:
    m_TransformParent: {fileID: 3144504805435803870}
    m_Modifications:
    - target: {fileID: 2131042781843715104, guid: 820667eb855ffaa4f80bf9539fd4c0ad, type: 3}
      propertyPath: m_Name
      value: Water 4
      objectReference: {fileID: 0}
    - target: {fileID: 2131042781843715104, guid: 820667eb855ffaa4f80bf9539fd4c0ad, type: 3}
      propertyPath: m_IsActive
      value: 0
      objectReference: {fileID: 0}
    - target: {fileID: 2131042781843715107, guid: 820667eb855ffaa4f80bf9539fd4c0ad, type: 3}
      propertyPath: m_RootOrder
      value: 4
      objectReference: {fileID: 0}
    - target: {fileID: 2131042781843715107, guid: 820667eb855ffaa4f80bf9539fd4c0ad, type: 3}
      propertyPath: m_LocalPosition.x
      value: 5.357143
      objectReference: {fileID: 0}
    - target: {fileID: 2131042781843715107, guid: 820667eb855ffaa4f80bf9539fd4c0ad, type: 3}
      propertyPath: m_LocalPosition.y
      value: 3.3163264
      objectReference: {fileID: 0}
    - target: {fileID: 2131042781843715107, guid: 820667eb855ffaa4f80bf9539fd4c0ad, type: 3}
      propertyPath: m_LocalPosition.z
      value: 0
      objectReference: {fileID: 0}
    - target: {fileID: 2131042781843715107, guid: 820667eb855ffaa4f80bf9539fd4c0ad, type: 3}
      propertyPath: m_LocalRotation.w
      value: 1
      objectReference: {fileID: 0}
    - target: {fileID: 2131042781843715107, guid: 820667eb855ffaa4f80bf9539fd4c0ad, type: 3}
      propertyPath: m_LocalRotation.x
      value: -0
      objectReference: {fileID: 0}
    - target: {fileID: 2131042781843715107, guid: 820667eb855ffaa4f80bf9539fd4c0ad, type: 3}
      propertyPath: m_LocalRotation.y
      value: -0
      objectReference: {fileID: 0}
    - target: {fileID: 2131042781843715107, guid: 820667eb855ffaa4f80bf9539fd4c0ad, type: 3}
      propertyPath: m_LocalRotation.z
      value: -0
      objectReference: {fileID: 0}
    - target: {fileID: 2131042781843715107, guid: 820667eb855ffaa4f80bf9539fd4c0ad, type: 3}
      propertyPath: m_LocalEulerAnglesHint.x
      value: 0
      objectReference: {fileID: 0}
    - target: {fileID: 2131042781843715107, guid: 820667eb855ffaa4f80bf9539fd4c0ad, type: 3}
      propertyPath: m_LocalEulerAnglesHint.y
      value: 0
      objectReference: {fileID: 0}
    - target: {fileID: 2131042781843715107, guid: 820667eb855ffaa4f80bf9539fd4c0ad, type: 3}
      propertyPath: m_LocalEulerAnglesHint.z
      value: 0
      objectReference: {fileID: 0}
    m_RemovedComponents: []
  m_SourcePrefab: {fileID: 100100000, guid: 820667eb855ffaa4f80bf9539fd4c0ad, type: 3}
--- !u!4 &5510987753344857156 stripped
Transform:
  m_CorrespondingSourceObject: {fileID: 2131042781843715107, guid: 820667eb855ffaa4f80bf9539fd4c0ad, type: 3}
  m_PrefabInstance: {fileID: 5901978544272146535}
  m_PrefabAsset: {fileID: 0}
--- !u!1001 &6158115684827688278
PrefabInstance:
  m_ObjectHideFlags: 0
  serializedVersion: 2
  m_Modification:
    m_TransformParent: {fileID: 3144504805435803870}
    m_Modifications:
    - target: {fileID: 2131042781843715104, guid: bb69b56fd89ca894b86520ff225cb423, type: 3}
      propertyPath: m_Name
      value: Water 7
      objectReference: {fileID: 0}
    - target: {fileID: 2131042781843715104, guid: bb69b56fd89ca894b86520ff225cb423, type: 3}
      propertyPath: m_IsActive
      value: 0
      objectReference: {fileID: 0}
    - target: {fileID: 2131042781843715107, guid: bb69b56fd89ca894b86520ff225cb423, type: 3}
      propertyPath: m_RootOrder
      value: 8
      objectReference: {fileID: 0}
    - target: {fileID: 2131042781843715107, guid: bb69b56fd89ca894b86520ff225cb423, type: 3}
      propertyPath: m_LocalPosition.x
      value: 1.2755102
      objectReference: {fileID: 0}
    - target: {fileID: 2131042781843715107, guid: bb69b56fd89ca894b86520ff225cb423, type: 3}
      propertyPath: m_LocalPosition.y
      value: 3.622449
      objectReference: {fileID: 0}
    - target: {fileID: 2131042781843715107, guid: bb69b56fd89ca894b86520ff225cb423, type: 3}
      propertyPath: m_LocalPosition.z
      value: 0
      objectReference: {fileID: 0}
    - target: {fileID: 2131042781843715107, guid: bb69b56fd89ca894b86520ff225cb423, type: 3}
      propertyPath: m_LocalRotation.w
      value: 1
      objectReference: {fileID: 0}
    - target: {fileID: 2131042781843715107, guid: bb69b56fd89ca894b86520ff225cb423, type: 3}
      propertyPath: m_LocalRotation.x
      value: -0
      objectReference: {fileID: 0}
    - target: {fileID: 2131042781843715107, guid: bb69b56fd89ca894b86520ff225cb423, type: 3}
      propertyPath: m_LocalRotation.y
      value: -0
      objectReference: {fileID: 0}
    - target: {fileID: 2131042781843715107, guid: bb69b56fd89ca894b86520ff225cb423, type: 3}
      propertyPath: m_LocalRotation.z
      value: -0
      objectReference: {fileID: 0}
    - target: {fileID: 2131042781843715107, guid: bb69b56fd89ca894b86520ff225cb423, type: 3}
      propertyPath: m_LocalEulerAnglesHint.x
      value: 0
      objectReference: {fileID: 0}
    - target: {fileID: 2131042781843715107, guid: bb69b56fd89ca894b86520ff225cb423, type: 3}
      propertyPath: m_LocalEulerAnglesHint.y
      value: 0
      objectReference: {fileID: 0}
    - target: {fileID: 2131042781843715107, guid: bb69b56fd89ca894b86520ff225cb423, type: 3}
      propertyPath: m_LocalEulerAnglesHint.z
      value: 0
      objectReference: {fileID: 0}
    m_RemovedComponents: []
  m_SourcePrefab: {fileID: 100100000, guid: bb69b56fd89ca894b86520ff225cb423, type: 3}
--- !u!4 &5252597428386666869 stripped
Transform:
  m_CorrespondingSourceObject: {fileID: 2131042781843715107, guid: bb69b56fd89ca894b86520ff225cb423, type: 3}
  m_PrefabInstance: {fileID: 6158115684827688278}
  m_PrefabAsset: {fileID: 0}
--- !u!1001 &6226283646135212437
PrefabInstance:
  m_ObjectHideFlags: 0
  serializedVersion: 2
  m_Modification:
    m_TransformParent: {fileID: 3144504805435803870}
    m_Modifications:
    - target: {fileID: 2131042781843715104, guid: c8312d50435db9a4cb9f19396d5062d0, type: 3}
      propertyPath: m_Name
      value: Water 8
      objectReference: {fileID: 0}
    - target: {fileID: 2131042781843715104, guid: c8312d50435db9a4cb9f19396d5062d0, type: 3}
      propertyPath: m_IsActive
      value: 0
      objectReference: {fileID: 0}
    - target: {fileID: 2131042781843715107, guid: c8312d50435db9a4cb9f19396d5062d0, type: 3}
      propertyPath: m_RootOrder
      value: 9
      objectReference: {fileID: 0}
    - target: {fileID: 2131042781843715107, guid: c8312d50435db9a4cb9f19396d5062d0, type: 3}
      propertyPath: m_LocalPosition.x
      value: 0.35714284
      objectReference: {fileID: 0}
    - target: {fileID: 2131042781843715107, guid: c8312d50435db9a4cb9f19396d5062d0, type: 3}
      propertyPath: m_LocalPosition.y
      value: -2.6530612
      objectReference: {fileID: 0}
    - target: {fileID: 2131042781843715107, guid: c8312d50435db9a4cb9f19396d5062d0, type: 3}
      propertyPath: m_LocalPosition.z
      value: 0
      objectReference: {fileID: 0}
    - target: {fileID: 2131042781843715107, guid: c8312d50435db9a4cb9f19396d5062d0, type: 3}
      propertyPath: m_LocalRotation.w
      value: 1
      objectReference: {fileID: 0}
    - target: {fileID: 2131042781843715107, guid: c8312d50435db9a4cb9f19396d5062d0, type: 3}
      propertyPath: m_LocalRotation.x
      value: -0
      objectReference: {fileID: 0}
    - target: {fileID: 2131042781843715107, guid: c8312d50435db9a4cb9f19396d5062d0, type: 3}
      propertyPath: m_LocalRotation.y
      value: -0
      objectReference: {fileID: 0}
    - target: {fileID: 2131042781843715107, guid: c8312d50435db9a4cb9f19396d5062d0, type: 3}
      propertyPath: m_LocalRotation.z
      value: -0
      objectReference: {fileID: 0}
    - target: {fileID: 2131042781843715107, guid: c8312d50435db9a4cb9f19396d5062d0, type: 3}
      propertyPath: m_LocalEulerAnglesHint.x
      value: 0
      objectReference: {fileID: 0}
    - target: {fileID: 2131042781843715107, guid: c8312d50435db9a4cb9f19396d5062d0, type: 3}
      propertyPath: m_LocalEulerAnglesHint.y
      value: 0
      objectReference: {fileID: 0}
    - target: {fileID: 2131042781843715107, guid: c8312d50435db9a4cb9f19396d5062d0, type: 3}
      propertyPath: m_LocalEulerAnglesHint.z
      value: 0
      objectReference: {fileID: 0}
    m_RemovedComponents: []
  m_SourcePrefab: {fileID: 100100000, guid: c8312d50435db9a4cb9f19396d5062d0, type: 3}
--- !u!4 &5474916868374588854 stripped
Transform:
  m_CorrespondingSourceObject: {fileID: 2131042781843715107, guid: c8312d50435db9a4cb9f19396d5062d0, type: 3}
  m_PrefabInstance: {fileID: 6226283646135212437}
  m_PrefabAsset: {fileID: 0}
--- !u!1001 &7864143343387140619
PrefabInstance:
  m_ObjectHideFlags: 0
  serializedVersion: 2
  m_Modification:
    m_TransformParent: {fileID: 3144504805435803870}
    m_Modifications:
    - target: {fileID: 2131042781843715104, guid: a34537531b357fc469a5517652ffdc1e, type: 3}
      propertyPath: m_Name
      value: Water 5 (1)
      objectReference: {fileID: 0}
    - target: {fileID: 2131042781843715104, guid: a34537531b357fc469a5517652ffdc1e, type: 3}
      propertyPath: m_IsActive
      value: 0
      objectReference: {fileID: 0}
    - target: {fileID: 2131042781843715107, guid: a34537531b357fc469a5517652ffdc1e, type: 3}
      propertyPath: m_RootOrder
      value: 6
      objectReference: {fileID: 0}
    - target: {fileID: 2131042781843715107, guid: a34537531b357fc469a5517652ffdc1e, type: 3}
      propertyPath: m_LocalPosition.x
      value: -2.3979595
      objectReference: {fileID: 0}
    - target: {fileID: 2131042781843715107, guid: a34537531b357fc469a5517652ffdc1e, type: 3}
      propertyPath: m_LocalPosition.y
      value: 4.5408163
      objectReference: {fileID: 0}
    - target: {fileID: 2131042781843715107, guid: a34537531b357fc469a5517652ffdc1e, type: 3}
      propertyPath: m_LocalPosition.z
      value: 0
      objectReference: {fileID: 0}
    - target: {fileID: 2131042781843715107, guid: a34537531b357fc469a5517652ffdc1e, type: 3}
      propertyPath: m_LocalRotation.w
      value: 1
      objectReference: {fileID: 0}
    - target: {fileID: 2131042781843715107, guid: a34537531b357fc469a5517652ffdc1e, type: 3}
      propertyPath: m_LocalRotation.x
      value: -0
      objectReference: {fileID: 0}
    - target: {fileID: 2131042781843715107, guid: a34537531b357fc469a5517652ffdc1e, type: 3}
      propertyPath: m_LocalRotation.y
      value: -0
      objectReference: {fileID: 0}
    - target: {fileID: 2131042781843715107, guid: a34537531b357fc469a5517652ffdc1e, type: 3}
      propertyPath: m_LocalRotation.z
      value: -0
      objectReference: {fileID: 0}
    - target: {fileID: 2131042781843715107, guid: a34537531b357fc469a5517652ffdc1e, type: 3}
      propertyPath: m_LocalEulerAnglesHint.x
      value: 0
      objectReference: {fileID: 0}
    - target: {fileID: 2131042781843715107, guid: a34537531b357fc469a5517652ffdc1e, type: 3}
      propertyPath: m_LocalEulerAnglesHint.y
      value: 0
      objectReference: {fileID: 0}
    - target: {fileID: 2131042781843715107, guid: a34537531b357fc469a5517652ffdc1e, type: 3}
      propertyPath: m_LocalEulerAnglesHint.z
      value: 0
      objectReference: {fileID: 0}
    m_RemovedComponents: []
  m_SourcePrefab: {fileID: 100100000, guid: a34537531b357fc469a5517652ffdc1e, type: 3}
--- !u!4 &8120536219846415912 stripped
Transform:
  m_CorrespondingSourceObject: {fileID: 2131042781843715107, guid: a34537531b357fc469a5517652ffdc1e, type: 3}
  m_PrefabInstance: {fileID: 7864143343387140619}
  m_PrefabAsset: {fileID: 0}
--- !u!1001 &8442467637122206751
PrefabInstance:
  m_ObjectHideFlags: 0
  serializedVersion: 2
  m_Modification:
    m_TransformParent: {fileID: 3144504805435803870}
    m_Modifications:
    - target: {fileID: 2131042781843715104, guid: a34537531b357fc469a5517652ffdc1e, type: 3}
      propertyPath: m_Name
      value: Water 5
      objectReference: {fileID: 0}
    - target: {fileID: 2131042781843715104, guid: a34537531b357fc469a5517652ffdc1e, type: 3}
      propertyPath: m_IsActive
      value: 0
      objectReference: {fileID: 0}
    - target: {fileID: 2131042781843715107, guid: a34537531b357fc469a5517652ffdc1e, type: 3}
      propertyPath: m_RootOrder
      value: 5
      objectReference: {fileID: 0}
    - target: {fileID: 2131042781843715107, guid: a34537531b357fc469a5517652ffdc1e, type: 3}
      propertyPath: m_LocalPosition.x
      value: 4.285714
      objectReference: {fileID: 0}
    - target: {fileID: 2131042781843715107, guid: a34537531b357fc469a5517652ffdc1e, type: 3}
      propertyPath: m_LocalPosition.y
      value: 0.96938777
      objectReference: {fileID: 0}
    - target: {fileID: 2131042781843715107, guid: a34537531b357fc469a5517652ffdc1e, type: 3}
      propertyPath: m_LocalPosition.z
      value: 0
      objectReference: {fileID: 0}
    - target: {fileID: 2131042781843715107, guid: a34537531b357fc469a5517652ffdc1e, type: 3}
      propertyPath: m_LocalRotation.w
      value: 1
      objectReference: {fileID: 0}
    - target: {fileID: 2131042781843715107, guid: a34537531b357fc469a5517652ffdc1e, type: 3}
      propertyPath: m_LocalRotation.x
      value: -0
      objectReference: {fileID: 0}
    - target: {fileID: 2131042781843715107, guid: a34537531b357fc469a5517652ffdc1e, type: 3}
      propertyPath: m_LocalRotation.y
      value: -0
      objectReference: {fileID: 0}
    - target: {fileID: 2131042781843715107, guid: a34537531b357fc469a5517652ffdc1e, type: 3}
      propertyPath: m_LocalRotation.z
      value: -0
      objectReference: {fileID: 0}
    - target: {fileID: 2131042781843715107, guid: a34537531b357fc469a5517652ffdc1e, type: 3}
      propertyPath: m_LocalEulerAnglesHint.x
      value: 0
      objectReference: {fileID: 0}
    - target: {fileID: 2131042781843715107, guid: a34537531b357fc469a5517652ffdc1e, type: 3}
      propertyPath: m_LocalEulerAnglesHint.y
      value: 0
      objectReference: {fileID: 0}
    - target: {fileID: 2131042781843715107, guid: a34537531b357fc469a5517652ffdc1e, type: 3}
      propertyPath: m_LocalEulerAnglesHint.z
      value: 0
      objectReference: {fileID: 0}
    m_RemovedComponents: []
  m_SourcePrefab: {fileID: 100100000, guid: a34537531b357fc469a5517652ffdc1e, type: 3}
--- !u!4 &7546721857090811964 stripped
Transform:
  m_CorrespondingSourceObject: {fileID: 2131042781843715107, guid: a34537531b357fc469a5517652ffdc1e, type: 3}
  m_PrefabInstance: {fileID: 8442467637122206751}
  m_PrefabAsset: {fileID: 0}
--- !u!1001 &8605921846953315453
PrefabInstance:
  m_ObjectHideFlags: 0
  serializedVersion: 2
  m_Modification:
    m_TransformParent: {fileID: 3144504805435803870}
    m_Modifications:
    - target: {fileID: 2131042781843715104, guid: 934f208679a4e8946b20af1061e74c4b, type: 3}
      propertyPath: m_Name
      value: Water 3
      objectReference: {fileID: 0}
    - target: {fileID: 2131042781843715104, guid: 934f208679a4e8946b20af1061e74c4b, type: 3}
      propertyPath: m_IsActive
      value: 0
      objectReference: {fileID: 0}
    - target: {fileID: 2131042781843715107, guid: 934f208679a4e8946b20af1061e74c4b, type: 3}
      propertyPath: m_RootOrder
      value: 3
      objectReference: {fileID: 0}
    - target: {fileID: 2131042781843715107, guid: 934f208679a4e8946b20af1061e74c4b, type: 3}
      propertyPath: m_LocalPosition.x
      value: -4.6428576
      objectReference: {fileID: 0}
    - target: {fileID: 2131042781843715107, guid: 934f208679a4e8946b20af1061e74c4b, type: 3}
      propertyPath: m_LocalPosition.y
      value: -3.7244897
      objectReference: {fileID: 0}
    - target: {fileID: 2131042781843715107, guid: 934f208679a4e8946b20af1061e74c4b, type: 3}
      propertyPath: m_LocalPosition.z
      value: 0
      objectReference: {fileID: 0}
    - target: {fileID: 2131042781843715107, guid: 934f208679a4e8946b20af1061e74c4b, type: 3}
      propertyPath: m_LocalRotation.w
      value: 1
      objectReference: {fileID: 0}
    - target: {fileID: 2131042781843715107, guid: 934f208679a4e8946b20af1061e74c4b, type: 3}
      propertyPath: m_LocalRotation.x
      value: -0
      objectReference: {fileID: 0}
    - target: {fileID: 2131042781843715107, guid: 934f208679a4e8946b20af1061e74c4b, type: 3}
      propertyPath: m_LocalRotation.y
      value: -0
      objectReference: {fileID: 0}
    - target: {fileID: 2131042781843715107, guid: 934f208679a4e8946b20af1061e74c4b, type: 3}
      propertyPath: m_LocalRotation.z
      value: -0
      objectReference: {fileID: 0}
    - target: {fileID: 2131042781843715107, guid: 934f208679a4e8946b20af1061e74c4b, type: 3}
      propertyPath: m_LocalEulerAnglesHint.x
      value: 0
      objectReference: {fileID: 0}
    - target: {fileID: 2131042781843715107, guid: 934f208679a4e8946b20af1061e74c4b, type: 3}
      propertyPath: m_LocalEulerAnglesHint.y
      value: 0
      objectReference: {fileID: 0}
    - target: {fileID: 2131042781843715107, guid: 934f208679a4e8946b20af1061e74c4b, type: 3}
      propertyPath: m_LocalEulerAnglesHint.z
      value: 0
      objectReference: {fileID: 0}
    m_RemovedComponents: []
  m_SourcePrefab: {fileID: 100100000, guid: 934f208679a4e8946b20af1061e74c4b, type: 3}
--- !u!4 &7709208513735129182 stripped
Transform:
  m_CorrespondingSourceObject: {fileID: 2131042781843715107, guid: 934f208679a4e8946b20af1061e74c4b, type: 3}
  m_PrefabInstance: {fileID: 8605921846953315453}
  m_PrefabAsset: {fileID: 0}
